@inproceedings{coasterx,
  author    = {Brandon Bohrer and
               Adriel Luo and
               Xue An Chuang and
               Andr{\'{e}} Platzer},
  title     = {CoasterX: {A} Case Study in Component-Driven Hybrid Systems Proof
               Automation},
  booktitle = {6th {IFAC} Conference on Analysis and Design of Hybrid Systems, {ADHS}
               2018, Oxford, UK, July 11-13, 2018},
  pages     = {55--60},
  year      = {2018},
  timestamp = {Mon, 08 Oct 2018 13:49:26 +0200},
  biburl    = {https://dblp.org/rec/bib/conf/adhs/BohrerLCP18},
  bibsource = {dblp computer science bibliography, https://dblp.org}
}